@Article{ahuja.mehlhorn.ea:faster,
  Author          = {Ahuja, Ravindra K. and Mehlhorn, Kurt and Orlin, James and
                  Tarjan, Robert E.},
  Publisher       = {Association for Computing Machinery ({ACM})},
  Date            = {1990-04},
  DOI             = {10.1145/77600.77615},
  JournalTitle    = {Journal of the {ACM} ({JACM})},
  Number          = 2,
  Pages           = {213--223},
  Title           = {Faster algorithms for the shortest path problem},
  Volume          = 37
}

@Article{bemporad.casavola.ea:nonlinear,
  Author          = {Bemporad, Alberto and Casavola, Alessandro and Mosca,
                  Edoardo},
  Date            = 1997,
  DOI             = {10.1109/9.557577},
  ISSN            = 00189286,
  JournalTitle    = {IEEE Transactions on Automatic Control},
  Keywords        = {Control under constraints,Nonlinear feedback,Predictive
                  control,Quadratic programming},
  Title           = {Nonlinear control of constrained linear systems via
                  predictive reference management}
}

@Article{bendixson:sur,
  Author          = {Bendixson, Ivar},
  Publisher       = {Institut Mittag-Leffler},
  Date            = 1901,
  DOI             = {10.1007/BF02403068},
  JournalTitle    = {Acta Math.},
  Pages           = {1--88},
  Title           = {Sur les courbes définies par des équations différentielles},
  Volume          = 24
}

@Book{boyd.ghaoui.ea:linear,
  Author          = {Boyd, S. and Ghaoui, L. El and Feron, E. and Balakrishnan,
                  V.},
  Location        = {Philadelphia, PA},
  Publisher       = {SIAM Studies in Applied Mathematics},
  Date            = 1994,
  Title           = {Linear Matrix Inequalities In Systems And Control Theory}
}

@Book{briat:linear,
  Author          = {Briat, C.},
  Publisher       = {Springer},
  Date            = 2014,
  JournalTitle    = {Analysis, observation, filtering \& control},
  Title           = {Linear parameter-varying and time-delay systems},
  Volume          = 3
}

@Article{casavola.mosca.ea:robust,
  Author          = {Casavola, Alessandro and Mosca, Edoardo and Angeli, David},
  Date            = 2000,
  DOI             = {10.1109/9.887628},
  ISSN            = 00189286,
  JournalTitle    = {IEEE Transactions on Automatic Control},
  Title           = {Robust command governors for constrained linear systems}
}

@Book{chen:linear,
  Author          = {Chen, Chi-Tsong},
  Publisher       = {Oxford University Press},
  Date            = {2012-11},
  ISBN            = {0-19-995957-9},
  Title           = {Linear System Theory and Design (The Oxford Series in
                  Electrical and Computer Engineering)}
}

@InProceedings{chesi.colaneri.ea:computing,
  Author          = {Chesi, G. and Colaneri, P. and Geromel, J. C. and
                  Middleton, R. and Shorten, R.},
  Booktitle       = {Proceedings of the 2010 American Control Conference, ACC
                  2010},
  Date            = 2010,
  DOI             = {10.1109/acc.2010.5530590},
  ISBN            = {1-4244-7426-4},
  Title           = {Computing upper-bounds of the minimum dwell time of linear
                  switched systems via homogeneous polynomial Lyapunov
                  functions}
}

@Article{donchev.farkhi:stability,
  Author          = {Donchev, Tzanko and Farkhi, Elza},
  Publisher       = {Society for Industrial {\&} Applied Mathematics ({SIAM})},
  Date            = {1998-03},
  DOI             = {10.1137/s0363012995293694},
  JournalTitle    = {SIAM Journal on Control and Optimization},
  Number          = 2,
  Pages           = {780--796},
  Title           = {Stability and Euler Approximation of One-sided Lipschitz
                  Differential Inclusions},
  Volume          = 36
}

@Article{gilbert.kolmanovsky.ea:discrete‐time,
  Author	= {Gilbert, Elmer G. and Kolmanovsky, Ilya and Tan, Kok Tin},
  Date		= {1995},
  DOI		= {10.1002/rnc.4590050508},
  ISSN		= {10991239},
  JournalTitle	= {International Journal of Robust and Nonlinear Control},
  Keywords	= {control saturation,nonlinear control,reference
		  governor,state constraints},
  Title		= {Discrete‐time reference governors and the nonlinear
		  control of systems with state and control constraints}
}

@Article{franzè.lucia.ea:command,
  Author          = {Franz{è}, Giuseppe and Lucia, Walter and Tedesco,
                  Francesco},
  Date            = 2017,
  DOI             = {10.1002/rnc.3841},
  ISSN            = 10991239,
  JournalTitle    = {International Journal of Robust and Nonlinear Control},
  Keywords        = {command governor,switched systems,time-varying constraints},
  Title           = {Command governor for constrained switched systems with
                  scheduled model transition dwell times}
}

@Article{geromel.colaneri:stabilization,
  DOI             = {10.3182/20050703-6-cz-1902.00649},
  Year            = 2005,
  Publisher       = {Elsevier {BV}},
  Volume          = 38,
  Number          = 1,
  Pages           = {472--477},
  Author          = {J.C. Geromel and P. Colaneri},
  Title           = {{STABILIZATION} {OF} {CONTINUOUS}-{TIME} {SWITCHED}
                  {SYSTEMS}},
  Journal         = {{IFAC} Proceedings Volumes}
}

@Article{geromel.deaecto:stability,
  Author          = {J. C. {Geromel} and G. S. {Deaecto}},
  Journal         = {IEEE Transactions on Automatic Control},
  Title           = {Stability Analysis of Lur'e-Type Switched Systems},
  Year            = 2014,
  Volume          = 59,
  Number          = 11,
  Pages           = {3046--3050}
}

@Article{gilbert.kolmanovsky:fast,
  Author          = {Gilbert, Elmer G. and Kolmanovsky, Ilya},
  Date            = 1999,
  DOI             =
                  {10.1002/(SICI)1099-1239(19991230)9:15<1117::AID-RNC447>3.0.CO;2-I},
  ISSN            = 10498923,
  JournalTitle    = {International Journal of Robust and Nonlinear Control},
  Title           = {Fast reference governors for systems with state and control
                  constraints and disturbance inputs}
}

@Book{hespanha:linear,
  Author          = {Hespanha, Jo{ã}o P.},
  Location        = {Princeton, New Jersey},
  Publisher       = {Princeton Press},
  Date            = {2018-02},
  Note            = {ISBN13: 9780691179575},
  Title           = {Linear Systems Theory}
}

@InProceedings{kapasouris.athans.ea:design,
  Author          = {Kapasouris, Petros and Athans, Michael and Stein, Gunther},
  Booktitle       = {Proceedings of the IEEE Conference on Decision and Control},
  Date            = 1988,
  DOI             = {10.1109/cdc.1988.194356},
  ISSN            = 01912216,
  Title           = {Design of feedback control systems for stable plants with
                  saturating actuators}
}

@Article{keel.bhattacharyya:robust,
  Author          = {{Keel}, L. H. and {Bhattacharyya}, S. P.},
  Date            = 1997,
  JournalTitle    = {IEEE Transactions on Automatic Control},
  Number          = 8,
  Pages           = {1098--1105},
  Title           = {Robust, fragile, or optimal?},
  Volume          = 42
}

@Article{klug.castelan.ea:fuzzy,
  Author          = {Klug, Michael and Castelan, Eugênio B. and Leite, Valter J.
                  S. and Silva, Lu{ı́}s F. P.},
  Publisher       = {Elsevier {BV}},
  Date            = 2015,
  DOI             = {10.1016/j.fss.2014.05.019},
  JournalTitle    = {Fuzzy Sets and Systems},
  Pages           = {92--111},
  Title           = {Fuzzy dynamic output feedback control through nonlinear
                  Takagi–Sugeno models},
  Volume          = 263
}

@Article{liberzon.morse:basic,
  Author          = {D. {Liberzon} and A. S. {Morse}},
  Journal         = {IEEE Control Systems Magazine},
  Title           = {Basic problems in stability and design of switched systems},
  Year            = 1999,
  Volume          = 19,
  Number          = 5,
  Pages           = {59--70}
}

@Book{liberzon:switching,
  Author          = {Liberzon, Daniel},
  Location        = {Boston, MA},
  Publisher       = {Birkhauser},
  Date            = 2003,
  ISBN            = {0-8176-4297-8},
  Title           = {Switching in systems and control}
}

@Article{lin.antsaklis:stability,
  Author          = {Lin, Hai and Antsaklis, Panos J.},
  Date            = 2009,
  DOI             = {10.1109/TAC.2008.2012009},
  ISBN            = {0-7803-8936-0},
  ISSN            = 00189286,
  JournalTitle    = {IEEE Transactions on Automatic Control},
  Keywords        = {Lyapunov function,Stability,Stabilization,Switched systems},
  Title           = {Stability and stabilizability of switched linear systems: A
                  survey of recent results}
}

@PhDThesis{zhang:fast,
  Author	= {Zhang, Xi},
  Institution	= {TUDelft},
  Date		= {2016},
  Pages		= {86},
  Title		= {Fast MPC Solvers for Systems with Hard Real-Time
		  Constraints}
}

@Article{lopes.leite.ea:anti-windup,
  Author          = {Lopes, Adriano N. D. and Leite, Valter J. S. and Silva,
                  Luis F. P. and Guelton, Kevin},
  Publisher       = {Springer Science and Business Media {LLC}},
  Date            = 2020,
  DOI             = {10.1007/s40815-019-00781-0},
  JournalTitle    = {International Journal of Fuzzy Systems},
  Number          = 1,
  Pages           = {46--61},
  Title           = {Anti-windup {TS} Fuzzy {PI}-like Control for Discrete-Time
                  Nonlinear Systems with Saturated Actuators},
  Volume          = 22
}

@Article{lucia.franzè:stabilization,
  Author          = {Lucia, Walter and Franz{è}, Giuseppe},
  Date            = 2017,
  DOI             = {10.1002/acs.2804},
  ISSN            = 10991115,
  JournalTitle    = {International Journal of Adaptive Control and Signal
                  Processing},
  Keywords        = {command governor,constrained control,receding horizon
                  control,switching systems},
  Title           = {Stabilization and reference tracking for constrained
                  switching systems: A predictive control approach}
}

@Article{pettie:new,
  Author          = {Pettie, Seth},
  Publisher       = {Elsevier {BV}},
  Date            = {2004-01},
  DOI             = {10.1016/s0304-3975(03)00402-x},
  JournalTitle    = {Theoretical Computer Science},
  Number          = 1,
  Pages           = {47--74},
  Title           = {A new approach to all-pairs shortest paths on real-weighted
                  graphs},
  Volume          = 312
}

@Book{tarbouriech.garcia.ea:stability,
  Author          = {Tarbouriech, S. and Garcia, G. and {Gomes da Silva Jr.}, J.
                  M. and Queinnec, I.},
  Publisher       = {Springer Science},
  Date            = 2011,
  Title           = {Stability and stabilization of linear systems with
                  saturating actuators}
}

@Article{vahidi.kolmanovsky.ea:constraint,
  Author          = {Vahidi, Ardalan and Kolmanovsky, Ilya and Stefanopoulou,
                  Anna},
  Date            = 2007,
  DOI             = {10.1109/TCST.2006.883242},
  ISSN            = 10636536,
  JournalTitle    = {IEEE Transactions on Control Systems Technology},
  Keywords        = {Compressor surge,Fast reference governor (FRG),Fuel
                  cell,Load governor,Oxygen starvation},
  Title           = {Constraint handling in a fuel cell system: A fast reference
                  governor approach}
}

@Book{wang:model,
  Author          = {Wang, Liuping},
  Publisher       = {Springer-Verlag London},
  Booktitle       = {Engineering},
  Date            = 2009,
  DOI             = {10.1007/978-1-84882-331-0},
  Edition         = 1,
  EPrint          = {arXiv:1011.1669v3},
  EPrintType      = {arXiv},
  ISBN            = {1-84882-330-4},
  ISSN            = {1430-9491},
  Pages           = 403,
  Series          = {Advances in Industrial Control},
  Title           = {Model Predictive Control System Design and Implementation
                  Using MATLAB}
}

@Book{yu:lmis,
  Author          = {Yu, Hai-Hua; Duan, Guangren},
  Publisher       = {CRC Press},
  Date            = 2013,
  ISBN            = {9781466582996,1466582995,978-1-4665-8300-9},
  Title           = {LMIs in control systems: analysis, design and applications}
}
